%% This BibTeX bibliography file was created using BibDesk.
%% http://bibdesk.sourceforge.net/


%% Created for Galyardt at 2014-08-21 22:49:39 -0400 


%% Saved with string encoding Unicode (UTF-8) 

@article{eisenhauer2009new,
  title={New Response Evaluation Criteria in Solid Tumours: Revised RECIST Guideline (Version 1.1)},
  author={Eisenhauer, Elizabeth A and Therasse, Patrick and Bogaerts, Jan and Schwartz, Lawrence H and Sargent, Danielle and Ford, Robert and Dancey, Janet and Arbuck, S and Gwyther, Steve and Mooney, Margaret and others},
  journal={European Journal of Cancer},
  volume={45},
  number={2},
  pages={228--247},
  year={2009},
  publisher={Elsevier}
}

@article{clayton1978model,
  title={A Model for Association in Bivariate Life Tables and Its Application in Epidemiological Studies of Familial Tendency in Chronic Disease Incidence},
  author={Clayton, David G},
  journal={Biometrika},
  volume={65},
  number={1},
  pages={141--151},
  year={1978},
  publisher={Oxford University Press}
}

@article{congdon2007model,
  title={Model Weights for Model Choice and Averaging},
  author={Congdon, Peter},
  journal={Statistical Methodology},
  volume={4},
  number={2},
  pages={143--157},
  year={2007},
  publisher={Elsevier}
}

@article{motzer2019avelumab,
  title={Avelumab Plus Axitinib Versus Sunitinib for Advanced Renal-Cell Carcinoma},
  author={Motzer, Robert J and Penkov, Konstantin and Haanen, John and Rini, Brian and Albiges, Laurence and Campbell, Matthew T and Venugopal, Balaji and Kollmannsberger, Christian and Negrier, Sylvie and Uemura, Motohide and others},
  journal={New England Journal of Medicine},
  volume={380},
  number={12},
  pages={1103--1115},
  year={2019},
  publisher={Mass Medical Soc}
}

@article{tang2007surrogate,
  title={Surrogate End Points for Median Overall Survival in Metastatic Colorectal Cancer: Literature-Based Analysis From 39 Randomized Controlled Trials of First-Line Chemotherapy},
  author={Tang, Patricia A and Bentzen, S{\o}ren M and Chen, Eric X and Siu, Lillian L},
  journal={Journal of Clinical Oncology},
  volume={25},
  number={29},
  pages={4562--4568},
  year={2007},
  publisher={American Society of Clinical Oncology}
}

@article{driscoll2009overall,
  title={Overall Survival: Still the Gold Standard: Why Overall Survival Remains the Definitive End Point in Cancer Clinical Trials},
  author={Driscoll, James J and Rixe, Oliver},
  journal={The Cancer Journal},
  volume={15},
  number={5},
  pages={401--405},
  year={2009},
  publisher={LWW}
}

@article{methy2010surrogate,
  title={Surrogate Endpoints for Overall Survival in Digestive Oncology Trials: Which Candidates? A Questionnaires Survey Among Clinicians and Methodologists},
  author={Methy, Nicolas and Bedenne, Laurent and Bonnetain, Franck},
  journal={BMC Cancer},
  volume={10},
  number={1},
  pages={1--9},
  year={2010},
  publisher={BioMed Central}
}

@article{sborov2019impact,
  title={Impact of Accuracy of Survival Predictions on Quality of End-Of-Life Care Among Patients With Metastatic Cancer Who Receive Radiation Therapy},
  author={Sborov, Katherine and Giaretta, Stephanie and Koong, Amanda and Aggarwal, Sonya and Aslakson, Rebecca and Gensheimer, Michael F and Chang, Daniel T and Pollom, Erqi L},
  journal={Journal of Oncology Practice},
  volume={15},
  number={3},
  pages={e262--e270},
  year={2019},
  publisher={American Society of Clinical Oncology}
}

@article{mackillop1997measuring,
  title={Measuring the Accuracy of Prognostic Judgments in Oncology},
  author={Mackillop, William J and Quirt, Carol F},
  journal={Journal of Clinical Epidemiology},
  volume={50},
  number={1},
  pages={21--29},
  year={1997},
  publisher={Elsevier}
}

@article{henderson2001accuracy,
  title={Accuracy of Point Predictions in Survival Analysis},
  author={Henderson, Robin and Jones, Margaret and Stare, Janez},
  journal={Statistics in Medicine},
  volume={20},
  number={20},
  pages={3083--3096},
  year={2001},
  publisher={Wiley Online Library}
}

@article{fleischer2009statistical,
  title={A Statistical Model for the Dependence Between Progression-Free Survival and Overall Survival},
  author={Fleischer, Frank and Gaschler-Markefski, Birgit and Bluhmki, Erich},
  journal={Statistics in Medicine},
  volume={28},
  number={21},
  pages={2669--2686},
  year={2009},
  publisher={Wiley Online Library}
}

@article{broglio2009detecting,
  title={Detecting an Overall Survival Benefit That Is Derived From Progression-Free Survival},
  author={Broglio, Kristine R and Berry, Donald A},
  journal={JNCI: Journal of the National Cancer Institute},
  volume={101},
  number={23},
  pages={1642--1649},
  year={2009},
  publisher={Oxford University Press}
}

@article{morita2015detecting,
  title={Detecting Overall Survival Benefit Derived From Survival Postprogression Rather Than Progression-Free Survival},
  author={Morita, Satoshi and Sakamaki, Kentaro and Yin, Guosheng},
  journal={Journal of the National Cancer Institute},
  volume={107},
  number={8},
  pages={djv133},
  year={2015},
  publisher={Oxford University Press US}
}


@article{paoletti2020assessment,
  title={Assessment of Progression-Free Survival as a Surrogate End Point of Overall Survival in First-Line Treatment of Ovarian Cancer: A Systematic Review and Meta-Analysis},
  author={Paoletti, Xavier and Lewsley, Liz-Anne and Daniele, Gennaro and Cook, Adrian and Yanaihara, Nozomu and Tinker, Anna and Kristensen, Gunnar and Ottevanger, Petronella B and Aravantinos, Gerasimos and Miller, Austin and others},
  journal={JAMA Network Open},
  volume={3},
  number={1},
  pages={e1918939--e1918939},
  year={2020},
  publisher={American Medical Association}
}


@article{meller2019joint,
  title={Joint Modeling of Progression-Free and Overall Survival and Computation of Correlation Measures},
  author={Meller, Matthias and Beyersmann, Jan and Rufibach, Kaspar},
  journal={Statistics in Medicine},
  volume={38},
  number={22},
  pages={4270--4289},
  year={2019},
  publisher={Wiley Online Library}
}

@article{grigore2020surrogate,
  title={Surrogate Endpoints in Health Technology Assessment: An International Review of Methodological Guidelines},
  author={Grigore, Bogdan and Ciani, Oriana and Dams, Florian and Federici, Carlo and de Groot, Saskia and M{\"o}llenkamp, Meilin and Rabbe, Stefan and Shatrov, Kosta and Zemplenyi, Antal and Taylor, Rod S},
  journal={Pharmacoeconomics},
  volume={38},
  number={10},
  pages={1055--1070},
  year={2020},
  publisher={Springer}
}

@article{lim2019predicting,
  title={Predicting Overall Survival and Progression-Free Survival Using Tumor Dynamics in Advanced Breast Cancer Patients},
  author={Lim, Hyeong-Seok and Sun, Wan and Parivar, Kourosh and Wang, Diane},
  journal={The AAPS Journal},
  volume={21},
  number={2},
  pages={1--12},
  year={2019},
  publisher={Springer}
}

@article{shukuya2016relationship,
  title={Relationship Between Overall Survival and Response or Progression-Free Survival in Advanced Non--Small Cell Lung Cancer Patients Treated With Anti--Pd-1/Pd-L1 Antibodies},
  author={Shukuya, Takehito and Mori, Keita and Amann, Joseph M and Bertino, Erin M and Otterson, Gregory A and Shields, Peter G and Morita, Satoshi and Carbone, David P},
  journal={Journal of Thoracic Oncology},
  volume={11},
  number={11},
  pages={1927--1939},
  year={2016},
  publisher={Elsevier}
}

@article{bruno2014evaluation,
  title={Evaluation of Tumor Size Response Metrics to Predict Survival in Oncology Clinical Trials},
  author={Bruno, R and Mercier, F and Claret, L},
  journal={Clinical Pharmacology \& Therapeutics},
  volume={95},
  number={4},
  pages={386--393},
  year={2014},
  publisher={Wiley Online Library}
}

@article{wang2009elucidation,
  title={Elucidation of Relationship Between Tumor Size and Survival in Non-small-Cell Lung Cancer Patients Can Aid Early Decision Making in Clinical Drug Development},
  author={Wang, Y and Sung, C and Dartois, C and Ramchandani, R and Booth, BP and Rock, E and Gobburu, J},
  journal={Clinical Pharmacology \& Therapeutics},
  volume={86},
  number={2},
  pages={167--174},
  year={2009},
  publisher={Wiley Online Library}
}

@article{claret2013evaluation,
  title={Evaluation of Tumor-Size Response Metrics to Predict Overall Survival in Western and Chinese Patients With First-Line Metastatic Colorectal Cancer},
  author={Claret, Laurent and Gupta, Manish and Han, Kelong and Joshi, Amita and Sarapa, Nenad and He, Jing and Powell, Bob and Bruno, Ren{\'e}},
  journal={Journal of Clinical Oncology},
  volume={31},
  number={17},
  pages={2110--2114},
  year={2013},
  publisher={American Society of Clinical Oncology}
}

@article{claret2009model,
  title={Model-Based Prediction of Phase III Overall Survival in Colorectal Cancer on the Basis of Phase II Tumor Dynamics},
  author={Claret, Laurent and Girard, Pascal and Hoff, Paulo M and Van Cutsem, Eric and Zuideveld, Klaas P and Jorga, Karin and Fagerberg, Jan and Bruno, Ren{\'e}},
  journal={Journal of Clinical Oncology},
  volume={27},
  number={25},
  pages={4103--4108},
  year={2009},
  publisher={American Society of Clinical Oncology}
}


@article{yu2020new,
  title={A New Method to Model and Predict Progression Free Survival Based on Tumor Growth Dynamics},
  author={Yu, Jiajie and Wang, Nina and K{\aa}gedal, Matts},
  journal={Cpt: Pharmacometrics \& Systems Pharmacology},
  volume={9},
  number={3},
  pages={177--184},
  year={2020},
  publisher={Wiley Online Library}
}


@article{zecchin2016models,
  title={Models for Change in Tumour Size, Appearance of New Lesions and Survival Probability in Patients With Advanced Epithelial Ovarian Cancer},
  author={Zecchin, Chiara and Gueorguieva, Ivelina and Enas, Nathan H and Friberg, Lena E},
  journal={British Journal of Clinical Pharmacology},
  volume={82},
  number={3},
  pages={717--727},
  year={2016},
  publisher={Wiley Online Library}
}

@article{hoeting1999bayesian,
  title={Bayesian Model Averaging: A Tutorial (With Comments by M. Clyde, David Draper and Ei George, and a Rejoinder by the Authors},
  author={Hoeting, Jennifer A and Madigan, David and Raftery, Adrian E and Volinsky, Chris T},
  journal={Statistical Science},
  volume={14},
  number={4},
  pages={382--417},
  year={1999},
  publisher={Institute of Mathematical Statistics}
}

@book{weber2020statistical,
  title={Statistical Models to Capture the Association Between Progression-Free and Overall Survival in Oncology Trials},
  author={Weber, Enya Maria},
  year={2020},
  publisher={Lancaster University (United Kingdom)}
}


@article{pak2017interpretability,
  title={Interpretability of Cancer Clinical Trial Results Using Restricted Mean Survival Time as an Alternative to the Hazard Ratio},
  author={Pak, Kyongsun and Uno, Hajime and Kim, Dae Hyun and Tian, Lu and Kane, Robert C and Takeuchi, Masahiro and Fu, Haoda and Claggett, Brian and Wei, Lee-Jen},
  journal={JAMA Oncology},
  volume={3},
  number={12},
  pages={1692--1696},
  year={2017},
  publisher={American Medical Association}
}


@Manual{survRM2,
    title = {survRM2: Comparing Restricted Mean Survival Time},
    author = {Hajime Uno and Lu Tian and Miki Horiguchi and Angel Cronin and Chakib Battioui and James Bell},
    year = {2022},
    note = {R package version 1.0-4},
    url = {https://CRAN.R-project.org/package=survRM2},
  }

@inproceedings{sklar1959fonctions,
  title={Fonctions de r{\'e}partition {\`a} n dimensions et leurs marges},
  author={Sklar, M},
  booktitle={Annales de l'ISUP},
  volume={8},
  number={3},
  pages={229--231},
  year={1959}
}

@article{andersen2002multi,
  title={Multi-State Models for Event History Analysis},
  author={Andersen, Per Kragh and Keiding, Niels},
  journal={Statistical Methods in Medical Research},
  volume={11},
  number={2},
  pages={91--115},
  year={2002},
  publisher={Sage Publications Sage CA: Thousand Oaks, CA}
}


@article{putter2007tutorial,
  title={Tutorial in Biostatistics: Competing Risks and Multi-State Models},
  author={Putter, Hein and Fiocco, Marta and Geskus, Ronald B},
  journal={Statistics in Medicine},
  volume={26},
  number={11},
  pages={2389--2430},
  year={2007},
  publisher={Wiley Online Library}
}

@book{cox1977theory,
  title={The Theory of Stochastic Processes},
  author={Cox, David Roxbee and Miller, Hilton David},
  volume={134},
  year={1977},
  publisher={CRC press}
}

@article{meira2009multi,
  title={Multi-State Models for the Analysis of Time-To-Event Data},
  author={Meira-Machado, Lu{\'\i}s and de U{\~n}a-{\'A}lvarez, Jacobo and Cadarso-Su{\'a}rez, Carmen and Andersen, Per K},
  journal={Statistical Methods in Medical Research},
  volume={18},
  number={2},
  pages={195--222},
  year={2009},
  publisher={SAGE Publications Sage UK: London, England}
}

@misc{gelman2014bayesian,
  title={Bayesian Data Analysis (Vol. 2)},
  author={Gelman, Andrew and Carlin, John B and Stern, Hal S and Rubin, Donald B},
  year={2014},
  publisher={Taylor \& Francis Boca Raton}
}

@article{plummer2017jags,
  title={Jags Version 4.3. 0 User Manual [Computer Software Manual]},
  author={Plummer, M},
  journal={Retrieved from Sourceforge. net/projects/mcmc-jags/files/Manuals/4. x},
  volume={2},
  year={2017}
}

  @Manual{rjags,
    title = {rjags: Bayesian Graphical Models using MCMC},
    author = {Martyn Plummer},
    year = {2022},
    note = {R package version 4-13},
    url = {https://CRAN.R-project.org/package=rjags},
  }


@article{Brennan2023,
  author        = {Zachary Brennan},
  title         = {{FDA Pushes Cancer Drug Developers to Include Overall Survival Data More Frequently}},
  journal       = {Endpoints News},
  year          = {2023},
  month         = {Oct},
  day           = {31},
  howpublished  = {\url{https://endpts.com/fda-pushes-cancer-drug-developers-to-include-overall-survival-data-more-frequently/}},
  note          = {Accessed: 2023-11-09}
}


@article{stein2013survival,
  title={Survival Prediction in Everolimus-Treated Patients With Metastatic Renal Cell Carcinoma Incorporating Tumor Burden Response in the Record-1 Trial},
  author={Stein, Andrew and Bellmunt, Joaquim and Escudier, Bernard and Kim, Dennis and Stergiopoulos, Sotirios G and Mietlowski, William and Motzer, Robert J and RECORD-1 Trial Study Group and others},
  journal={European Urology},
  volume={64},
  number={6},
  pages={994--1002},
  year={2013},
  publisher={Elsevier}
}

@article{weber2019quantifying,
  title={Quantifying the Association Between Progression-Free Survival and Overall Survival in Oncology Trials Using Kendall’s $\tau$},
  author={Weber, Enya M and Titman, Andrew C},
  journal={Statistics in Medicine},
  volume={38},
  number={5},
  pages={703--719},
  year={2019},
  publisher={Wiley Online Library}
}


@article{fu2013joint,
  title={Joint Modeling of Progression-Free Survival and Overall Survival by a Bayesian Normal Induced Copula Estimation Model},
  author={Fu, Haoda and Wang, Yanping and Liu, Jingyi and Kulkarni, Pandurang M and Melemed, Allen S},
  journal={Statistics in Medicine},
  volume={32},
  number={2},
  pages={240--254},
  year={2013},
  publisher={Wiley Online Library}
}


@article{heng2011progression,
  title={Progression-Free Survival as a Predictor of Overall Survival in Metastatic Renal Cell Carcinoma Treated With Contemporary Targeted Therapy},
  author={Heng, Daniel YC and Xie, Wanling and Bjarnason, Georg A and Vaishampayan, Ulka and Tan, Min-Han and Knox, Jennifer and Donskov, Frede and Wood, Lori and Kollmannsberger, Christian and Rini, Brian I and others},
  journal={Cancer},
  volume={117},
  number={12},
  pages={2637--2642},
  year={2011},
  publisher={Wiley Online Library}
}

@article{royle2023overall,
  title={How Is Overall Survival Assessed in Randomised Clinical Trials in Cancer and Are Subsequent Treatment Lines Considered? A Systematic Review},
  author={Royle, Kara-Louise and Meads, David and Visser-Rogers, Jennifer K and White, Ian R and Cairns, David A},
  journal={Trials},
  volume={24},
  number={1},
  pages={708},
  year={2023},
  publisher={Springer}
}

@article{dias2011nice,
  title={NICE DSU Technical Support Document 2: A Generalised Linear Modelling Framework for Pairwise and Network Meta-Analysis of Randomised Controlled Trials},
  author={Dias, Sofia and Welton, Nicky J and Sutton, Alex J and Ades, AE},
  year={2011},
  publisher={National Institute for Health and Clinical Excellence}
}

@article{latimer2011nice,
  title={NICE DSU Technical Support Document 14: Survival Analysis for Economic Evaluations Alongside Clinical Trials-Extrapolation With Patient-Level Data},
  author={Latimer, Nicholas},
  journal={Report by the Decision Support Unit},
  year={2011}
}

@misc{canadian2006guidelines,
  title={Guidelines for the Economic Evaluation of Health Technologies: Canada},
  author={Canadian Agency for Drugs and Technologies in Health and others},
  year={2006},
  publisher={Ottawa: Canadian Agency for Drugs and Technologies in Health}
}

@article{pharmaceutical2016guidelines,
  title={Guidelines for Preparing Submissions to the Pharmaceutical Benefits Advisory Committee (PBAC)},
  author={Pharmaceutical Benefits Advisory Committee and others},
  journal={Health Do, editor. Canberra2016},
  year={2016}
}

@article{heeg2022novel,
  title={Novel and Existing Flexible Survival Methods for Network Meta-Analyses},
  author={Heeg, Bart and Garcia, Andrea and Beekhuizen, Sophie van and Verhoek, Andre and Oostrum, Ilse van and Roychoudhury, Satrajit and Cappelleri, Joseph Christopher and Postma, Maarten Jacobus and Nicolaas Martinus Ouwens, Mario Johannes},
  journal={Journal of Comparative Effectiveness Research},
  volume={11},
  number={15},
  pages={1121--1133},
  year={2022},
  publisher={Future Medicine Ltd London, UK}
}

